<record><leader>00000cas a22000007a 4500</leader><controlfield tag="001">11689008</controlfield><controlfield tag="008">850213d18721874nbuwr ne      0    0eng d</controlfield><datafield ind1=" " ind2=" " tag="010"><subfield code="a">sn 85033117 </subfield></datafield><datafield ind1=" " ind2=" " tag="040"><subfield code="a">NPU</subfield><subfield code="b">eng</subfield><subfield code="c">NPU</subfield><subfield code="d">MGN</subfield><subfield code="d">OCLCQ</subfield></datafield><datafield ind1=" " ind2=" " tag="042"><subfield code="a">msc</subfield></datafield><datafield ind1="0" ind2=" " tag="130"><subfield code="a">Weekly register (Lowell, Neb.)</subfield></datafield><datafield ind1="1" ind2="4" tag="245"><subfield code="a">The weekly register.</subfield></datafield><datafield ind1=" " ind2=" " tag="260"><subfield code="a">Lowell, Neb. :</subfield><subfield code="b">Geo. S. Fox</subfield></datafield><datafield ind1=" " ind2=" " tag="300"><subfield code="a">v. ;</subfield><subfield code="c">55 cm.</subfield></datafield><datafield ind1=" " ind2=" " tag="310"><subfield code="a">Weekly</subfield></datafield><datafield ind1="1" ind2=" " tag="362"><subfield code="a">Began in Sept. 1872; ceased in 1874?</subfield></datafield><datafield ind1=" " ind2=" " tag="500"><subfield code="a">"Devoted to the interests of Central and Southwestern Nebraska"; &lt;Aug. 6, 1874&gt;.</subfield></datafield><datafield ind1=" " ind2=" " tag="588"><subfield code="a">Description based on: Vol. 1, no. 36 (May 15, 1873).</subfield></datafield><datafield ind1=" " ind2=" " tag="752"><subfield code="a">United States</subfield><subfield code="b">Nebraska</subfield><subfield code="c">Kearney</subfield><subfield code="d">Lowell.</subfield></datafield><datafield ind1="0" ind2="0" tag="785"><subfield code="t">Lowell register</subfield><subfield code="w">(DLC)sn 84022856</subfield></datafield></record>